@comment{,
  x-kbibtex-encoding = utf-8,
}

@misc{manuel_2020_how,
  author  = {Manuel, Jaime and Guardeño, Navarro},
  month   = {06},
  title   = {How did colonization affect the perception of the LGBTIQ+ community in Asia?},
  url     = {https://repositorio.comillas.edu/xmlui/bitstream/handle/11531/40858/TFG-%20Navarro%20Guardeno%2C%20Jaime.pdf?sequence=1},
  urldate = {2022-06-18},
  year    = {2020},
}

@article{huang_2013_malemale,
  author    = {Huang, Martin W},
  journal   = {Journal of the History of Sexuality},
  number    = {2},
  pages     = {312–331},
  publisher = {University of Texas Press},
  title     = {Male-male sexual bonding and male friendship in late imperial china},
  url       = {http://www.jstor.org/stable/24616673},
  urldate   = {2022-06},
  volume    = {22},
  year      = {2013},
}

@article{seymour_1992,
  author    = {Seymour, James D},
  journal   = {Journal of the History of Sexuality},
  number    = {1},
  pages     = {141–143},
  publisher = {University of Texas Press},
  url       = {http://www.jstor.org/stable/3704376},
  urldate   = {2022-06},
  volume    = {3},
  year      = {1992},
}

@article{rupp_2001_toward,
  author    = {Rupp, Leila J},
  journal   = {Journal of the History of Sexuality},
  number    = {2},
  pages     = {287–302},
  publisher = {University of Texas Press},
  title     = {Toward a global history of same-sex sexuality},
  url       = {http://www.jstor.org/stable/3704817},
  urldate   = {2022-06},
  volume    = {10},
  year      = {2001},
}

@book{cuncun_2012_homoerotic,
  author = {Cuncun, Wu},
  doi    = {10.4324/9780203417287},
  month  = {01},
  title  = {Homoerotic sensibilities in late imperial china},
  year   = {2012},
}

@article{loos_2009_transnational,
  author    = {LOOS, TAMARA},
  journal   = {The American Historical Review},
  number    = {5},
  pages     = {1309–1324},
  publisher = {[Oxford University Press, American Historical Association]},
  title     = {Transnational histories of sexualities in asia},
  url       = {http://www.jstor.org/stable/23303428},
  urldate   = {2022-06},
  volume    = {114},
  year      = {2009},
}

@book{anderson_1990_hidden,
  author    = {Anderson, M.M},
  publisher = {Prometheus Books},
  title     = {Hidden power: The palace eunuchs of imperial china},
  url       = {https://books.google.ca/books?id=rX5wAAAAMAAJ},
  year      = {1990},
}

@article{wang2020mapping,
  author        = {Wang, Yuanyuan and Hu, Zhishan and Peng, Ke and Rechdan, Joanne and Yang, Yuan and Wu, Lijuan and Xin, Ying and Lin, Jiahui and Duan, Zhizhou and Zhu, Xuequan and others},
  journal       = {BMC Public Health},
  number        = {1},
  pages         = {1–10},
  publisher     = {BioMed Central},
  title         = {{Mapping out a spectrum of the Chinese public’s discrimination toward the LGBT community: results from a national surve}y},
  volume        = {20},
  x-fetchedfrom = {Google Scholar},
  year          = {2020},
}

@article{doi:10.1300/J236v07n01_08,
  author    = {MA, Jing Wu},
  doi       = {10.1300/J236v07n01\_08},
  eprint    = { https://doi.org/10.1300/J236v07n01\_08 },
  journal   = {Journal of Gay \& Lesbian Psychotherapy},
  number    = {1-2},
  pages     = {117–143},
  publisher = {Routledge},
  title     = {{From “Long Yang” and “Dui Shi” to Tongzhi: Homosexuality in Chin}a},
  url       = { 
               https://doi.org/10.1300/J236v07n01_08
               },
  volume    = {7},
  year      = {2003},
}

